@misc{lebar2008,
  title={Classifying musical score by composer: A machine learning approach},
  author={Lebar, Justin and Chang, Gary and Yu, David},
  year={2008}
}

@inproceedings{lichtenwalter2009,
  title={Applying Learning Algorithms to Music Generation.},
  author={Lichtenwalter, Ryan and Chawla, Nitesh V}
}

@electronic{Mutopia,
  title={MutopiaProject},
  url={https://github.com/MutopiaProject/MutopiaProject},
  urldate={2017-03-19}
}

@electronic{jshanley,
  title={bach-chorales},
  url={https://github.com/jshanley/bach-chorales},
  urldate={2017-03-19}
}

@electronic{python-ly,
  title={python-ly},
  url={https://github.com/wbsoft/python-ly},
  urldate={2017-03-19}
}
