@article{Hanrahan15,
  author    = {Daniel Ritchie and
               Ben Mildenhall and
               Noah D. Goodman and
               Pat Hanrahan},
  title     = {Controlling procedural modeling programs with stochastically-ordered
               sequential Monte Carlo},
  journal   = {{ACM} Trans. Graph.},
  volume    = {34},
  number    = {4},
  pages     = {105:1--105:11},
  year      = {2015},
  url       = {http://doi.acm.org/10.1145/2766895},
  doi       = {10.1145/2766895},
  timestamp = {Tue, 03 Jan 2017 12:35:33 +0100},
  biburl    = {http://dblp.uni-trier.de/rec/bib/journals/tog/Hanrahan15},
  bibsource = {dblp computer science bibliography, http://dblp.org}
}

@inproceedings{RuttenbergWP14,
  author    = {Brian E. Ruttenberg and
               Matthew P. Wilkins and
               Avi Pfeffer},
  title     = {Hierarchical Reasoning with Probabilistic Programming},
  booktitle = {Statistical Relational Artificial Intelligence, Papers from the 2014
               {AAAI} Workshop, Qu{\'{e}}bec City, Qu{\'{e}}bec, Canada,
               July 27, 2014},
  year      = {2014},
  crossref  = {DBLP:conf/aaai/2014stat},
  url       = {http://www.aaai.org/ocs/index.php/WS/AAAIW14/paper/view/8705},
  timestamp = {Mon, 21 Nov 2016 15:50:43 +0100},
  biburl    = {http://dblp.uni-trier.de/rec/bib/conf/aaai/RuttenbergWP14},
  bibsource = {dblp computer science bibliography, http://dblp.org}
}